@book{skinner1989analysis,
  title={Analysis of complex surveys},
  author={Skinner, Chris J and Holt, David and Smith, TM Fred},
  year={1989},
  publisher={John Wiley \& Sons}
}

@article{pfefferman_1992,
journal = "Survey Methodology",
pages = "225--239",
volume = "18",
number = "2",
year = "1992",
title = "Maximum Likelihood Estimation from Complex Sample Surveys",
author = "Krieger, Abba M. and Pfeffermann, Danny"
}

@book{chiles1999geostatistics,
  title={Geostatistics: Modelling spatial uncertainty: Wiley Interscience},
  author={Chil\`{e}s, JP and Delfiner, A},
  year={1999}
}

@article{cressie1980robust,
  title={Robust estimation of the variogram: I},
  author={Cressie, Noel and Hawkins, Douglas M},
  journal={Journal of the International Association for Mathematical Geology},
  volume={12},
  number={2},
  pages={115--125},
  year={1980},
  publisher={Springer}
}

@book{cressie2015statistics,
  title={Statistics for spatial data},
  author={Cressie, Noel},
  year={2015},
  publisher={John Wiley \& Sons}
}

@book{matheron1962traite,
  title={Trait{\'e} de g{\'e}ostatistique appliqu{\'e}e. 1 (1962)},
  author={Matheron, Georges},
  volume={1},
  year={1962},
  publisher={Editions Technip}
}

@article{krieger1992maximum,
  title={Maximum likelihood estimation from complex sample surveys},
  author={Krieger, ABBA M and Pfeffermann, DANNY},
  journal={Survey Methodology},
  volume={18},
  number={2},
  pages={225--239},
  year={1992}
}

@article{pfeffermann1993role,
  title={The role of sampling weights when modeling survey data},
  author={Pfeffermann, Danny},
  journal={International Statistical Review/Revue Internationale de Statistique},
  pages={317--337},
  year={1993},
  publisher={JSTOR}
}

@article{pfeffermann1999parametric,
  title={Parametric and semi-parametric estimation of regression models fitted to survey data},
  author={Pfeffermann, Danny and Sverchkov, Michail},
  journal={Sankhy{\=a}: The Indian Journal of Statistics, Series B},
  pages={166--186},
  year={1999},
  publisher={JSTOR}
}

@article{pfeffermann1998parametric,
  title={Parametric distributions of complex survey data under informative probability sampling},
  author={Pfeffermann, Danny and Krieger, Abba M and Rinott, Yosef},
  journal={Statistica Sinica},
  pages={1087--1114},
  year={1998},
  publisher={JSTOR}
}

@article{bonnery2012uniform,
  title={Uniform convergence of the empirical cumulative distribution function under informative selection from a finite population},
  author={Bonn{\'e}ry, Daniel and Breidt, F Jay and Coquet, Fran{\c{c}}ois and others},
  journal={Bernoulli},
  volume={18},
  number={4},
  pages={1361--1385},
  year={2012},
  publisher={Bernoulli Society for Mathematical Statistics and Probability}
}

@article{breckling1994maximum,
  title={Maximum likelihood inference from sample survey data},
  author={Breckling, JU and Chambers, RL and Dorfman, AH and Tam, SM and Welsh, AH},
  journal={International Statistical Review/Revue Internationale de Statistique},
  pages={349--363},
  year={1994},
  publisher={JSTOR}
}

@article{warnes1987problems,
  title={Problems with likelihood estimation of covariance functions of spatial Gaussian processes},
  author={Warnes, JJ and Ripley, BD},
  journal={Biometrika},
  volume={74},
  number={3},
  pages={640--642},
  year={1987},
  publisher={Oxford University Press}
}

@article{mardia1989multimodality,
  title={On multimodality of the likelihood in the spatial linear model},
  author={Mardia, KV and Watkins, AJ},
  journal={Biometrika},
  volume={76},
  number={2},
  pages={289--295},
  year={1989},
  publisher={Oxford University Press}
}

@article{zimmerman1991comparison,
  title={A comparison of spatial semivariogram estimators and corresponding ordinary kriging predictors},
  author={Zimmerman, Dale L and Zimmerman, M Bridget},
  journal={Technometrics},
  volume={33},
  number={1},
  pages={77--91},
  year={1991},
  publisher={Taylor \& Francis Group}
}


@book{CoxIshamPointProcesses,
author = {Cox and Isham},
isbn = {9780412219108},
pages = {187},
publisher = {Chapman and Hall},
series = {Monographs on applied probability and statistics},
title = {{Point processes}},
year = {1980}
}

@book{SarndalSwensonWretman1992,
author = {Sarndal, Carl-Erik and Swensson, Bengt and Wretman, Jan},
booktitle = {The Mathematical Gazette},
doi = {10.2307/3619754},
file = {:home/daniel/daniel.bonnery@gmail.com/Librairie/Sciences/Publications/Sarndal, Swenson, and Wretman (1992), Model Assisted Survey Sampling.pdf:pdf},
isbn = {9780387406206},
issn = {00255572},
mendeley-groups = {Art{\_}SM{\_}v2},
pages = {284},
title = {{Model Assisted Survey Sampling}},
url = {http://www.jstor.org/stable/3619754?origin=crossref},
volume = {77},
year = {1992}
}

@misc{ord1979spatial,
  title={Spatial processes: Recent developments with applications to hydrology},
  author={Ord, JK and Rees, M},
  journal={The Mathematics of Hydrology and Water Resources},
  pages={95--118},
  year={1979},
  publisher={Academic Press, London}
}

@article{thiebaux1987spatial,
  title={Spatial objective analysis with applications in atmospheric science((Book))},
  author={Thiebaux, HJ and Pedder, MA},
  journal={London and Orlando, FL, Academic Press, 1987, 308},
  year={1987}
}

@article{samra1989spatial,
  title={Spatial stochastic modeling of growth and forest resource evaluation},
  author={Samra, JS and Gill, HS and Bhatia, VK},
  journal={Forest Science},
  volume={35},
  number={3},
  pages={663--676},
  year={1989},
  publisher={Oxford University Press}
}

@article{burgess1980optimal,
  title={Optimal interpolation and isarithmic mapping of soil properties: I The semi-variogram and punctual kriging},
  author={Burgess, TM and Webster, Richard},
  journal={Journal of soil science},
  volume={31},
  number={2},
  pages={315--331},
  year={1980},
  publisher={Wiley Online Library}
}


@misc{dbb1,
  title={On the definition of informative vs. ignorable nuisance process},
  author={Bonnery, Daniel and Sedransk, Joseph},
  year={2019},
  ee        ={http://export.arxiv.org/abs/1906.02733},
  publisher={Wiley Online Library},
  howpublished={\url{http://export.arxiv.org/abs/1906.02733}}
}

@misc{Rpackage,
  title={On the definition of informative vs. ignorable nuisance process},
  author={Bonnery, Daniel and Sedransk, Joseph},
  year={2019},
  ee        ={http://export.arxiv.org/abs/1906.02733},
  publisher={Wiley Online Library},
  howpublished={\url{http://export.arxiv.org/abs/1906.02733}}
}


@misc{gitSpatialInformativeSelection,
  author = {Bonnery, Daniel Bernard and  Pantalone, Francesco},
  title = {Spatial Informative Selection},
  year = {2021},
  publisher = {GitHub},
  journal = {GitHub repository},
  howpublished ={\url{https://github.com/DanielBonnery/SpatialInformativeSelection}}}
  
@article{wilson2020pathwise,
  title={Pathwise Conditioning of Gaussian Processes},
  author={Wilson, James T and Borovitskiy, Viacheslav and Terenin, Alexander and Mostowsky, Peter and Deisenroth, Marc Peter},
  journal={arXiv preprint arXiv:2011.04026},
  year={2020}
}
  
@article{doucet2010note,
  title={A note on efficient conditional simulation of Gaussian distributions},
  author={Doucet, Arnaud},
  journal={Departments of Computer Science and Statistics, University of British Columbia},
  volume={1020},
  year={2010}
}
  
  
  
